<?xml version="1.0" encoding="UTF-8"?><record xmlns="http://www.loc.gov/MARC21/slim" xmlns:cinclude="http://apache.org/cocoon/include/1.0" xmlns:zs="http://www.loc.gov/zing/srw/">
  <leader>00411cz  a2200133n  4500</leader>
  <controlfield tag="001">n  88043047 </controlfield>
  <controlfield tag="003">DLC</controlfield>
  <controlfield tag="005">19890707063954.6</controlfield>
  <controlfield tag="008">890523n| acannaab|          |a aaa ||| c</controlfield>
  <datafield tag="010" ind1=" " ind2=" ">
    <subfield code="a">n  88043047 </subfield>
  </datafield>
  <datafield tag="040" ind1=" " ind2=" ">
    <subfield code="a">IEN</subfield>
    <subfield code="c">DLC</subfield>
  </datafield>
  <datafield tag="100" ind1="1" ind2="0">
    <subfield code="a">Veselov, I. I.</subfield>
    <subfield code="q">(Ilʹi︠a︡ Ivanovich)</subfield>
  </datafield>
  <datafield tag="400" ind1="1" ind2="0">
    <subfield code="a">Veselov, Ilʹi︠a︡ Ivanovich</subfield>
  </datafield>
  <datafield tag="670" ind1=" " ind2=" ">
    <subfield code="a">His V tylu vraga, 1975:</subfield>
    <subfield code="b">t.p. (I.I. Veselov) colophon (Ilʹi︠a︡ Ivanovich Veselov)</subfield>
  </datafield>
</record>